[gd_scene load_steps=12 format=2]

[ext_resource path="res://scripts/platformers_basics/Player.gd" type="Script" id=1]
[ext_resource path="res://imgs/imgs_platformer_levels/main_char.png" type="Texture" id=2]
[ext_resource path="res://anims/player_anims/Player_attack.tres" type="Animation" id=3]
[ext_resource path="res://anims/player_anims/Player_death.tres" type="Animation" id=4]
[ext_resource path="res://anims/player_anims/Player_fall.tres" type="Animation" id=5]
[ext_resource path="res://anims/player_anims/Player_iddle.tres" type="Animation" id=6]
[ext_resource path="res://anims/player_anims/Player_jump_1.tres" type="Animation" id=7]
[ext_resource path="res://anims/player_anims/Player_jump_2.tres" type="Animation" id=8]
[ext_resource path="res://anims/player_anims/Player_run.tres" type="Animation" id=9]
[ext_resource path="res://anims/player_anims/Player_walk.tres" type="Animation" id=10]

[sub_resource type="RectangleShape2D" id=1]
extents = Vector2( 12, 19 )

[node name="Player" type="KinematicBody2D"]
position = Vector2( 3, -17 )
collision_layer = 31
collision_mask = 31
script = ExtResource( 1 )

[node name="Camera2D" type="Camera2D" parent="."]
current = true
zoom = Vector2( 0.75, 0.75 )
limit_left = -256
limit_right = 10336
offset_v = -1.0

[node name="Sprite" type="Sprite" parent="."]
position = Vector2( 4, -7 )
scale = Vector2( 1.3, 1.3 )
texture = ExtResource( 2 )
vframes = 13
hframes = 9

[node name="Anim" type="AnimationPlayer" parent="."]
anims/Player_attack = ExtResource( 3 )
anims/Player_death = ExtResource( 4 )
anims/Player_fall = ExtResource( 5 )
anims/Player_iddle = ExtResource( 6 )
anims/Player_jump_1 = ExtResource( 7 )
anims/Player_jump_2 = ExtResource( 8 )
anims/Player_run = ExtResource( 9 )
anims/Player_walk = ExtResource( 10 )

[node name="Collisions" type="CollisionShape2D" parent="."]
position = Vector2( 3, -2 )
shape = SubResource( 1 )
